@techreport{TR-IC-PFG-19-46,
  number = {IC-PFG-19-46},
  author = {Caio Krauthamer e Edmundo R. M. Madeira},
  title = {{Um Estudo Sobre a Eficiência da Alocação Dinâmica de Slices em Redes 5G}},
  month = {Novembro},
  year = {2019},
  institution = {Instituto de Computação, Universidade Estadual de Campinas},

  note = {Em Portugês, 23 páginas.
%%
    \par\selectlanguage{brazil}\textbf{Resumo}
       Devido ao alto número de equipamentos se conectando à rede, e aos diferentes números de \textit{QoS - Quality of Service} que cada usuário necessita, tornando a rede heterogênea, nasceu a rede 5G. Essa nova geração pretende integrar a ela os chamados \textit{"Network Slices"}, que consiste em fatiar a rede em diferentes redes virtuais sob um único substrato físico afim de se garantir diferentes \textit{QoS} para cada tipo de usuário, garantindo elasticidade, flexibilidade, programabilidade e modularização para a rede. Esses \textit{slices} são criados via um orquestrador, que conhecendo o estado atual da rede, redimensiona os \textit{slices} existentes para garantir uma melhor experiência aos usuários. Este projeto visa estudar a alocação dinâmica de dados a serem enviados na rede, que é uma melhora extra além da existência de \textit{slices}, em um cenário de uma quadra de futsal.
  }
}
